<?xml version="1.0" encoding="UTF-8"?><collection xmlns="http://www.loc.gov/MARC21/slim"><record><leader>00401nam--2200133-i-4500</leader><controlfield tag="001">000023224</controlfield><controlfield tag="002">20161230</controlfield><controlfield tag="005">20161230201034</controlfield><controlfield tag="008">060222s1000------------r-----000-0-eng-d</controlfield><datafield ind1=" " ind2=" " tag="080"><subfield code="a">621.039.5:539.122.04</subfield></datafield><datafield ind1=" " ind2=" " tag="100"><subfield code="a">Jafferson, S</subfield></datafield><datafield ind1=" " ind2=" " tag="245"><subfield code="a">Experience in operating large gamma radiation installations</subfield></datafield><datafield ind1=" " ind2=" " tag="260"><subfield code="a">Wantage, Berkshire, United Kingdom Atomic Energy Authoritiy, /F.A./, 8p</subfield></datafield><datafield ind1=" " ind2=" " tag="852"><subfield code="a">37379</subfield></datafield></record></collection>